<record><leader>00000cas a22000007a 4500</leader><controlfield tag="001">20403535</controlfield><controlfield tag="008">890927d18861925ndudn ne      0    0eng d</controlfield><datafield ind1=" " ind2=" " tag="010"><subfield code="a">sn 88076629 </subfield></datafield><datafield ind1=" " ind2=" " tag="040"><subfield code="a">NOP</subfield><subfield code="b">eng</subfield><subfield code="c">NOP</subfield><subfield code="d">OCLCQ</subfield></datafield><datafield ind1=" " ind2=" " tag="042"><subfield code="a">msc</subfield></datafield><datafield ind1="0" ind2=" " tag="130"><subfield code="a">Jamestown daily alert (Jamestown, N.D. : 1886)</subfield></datafield><datafield ind1="1" ind2="0" tag="245"><subfield code="a">Jamestown daily alert.</subfield></datafield><datafield ind1="3" ind2="0" tag="246"><subfield code="a">Daily alert</subfield></datafield><datafield ind1=" " ind2=" " tag="260"><subfield code="a">Jamestown, Dakota [N.D.] :</subfield><subfield code="b">J.C. Warnock</subfield></datafield><datafield ind1=" " ind2=" " tag="300"><subfield code="a">v. :</subfield><subfield code="b">ill. ;</subfield><subfield code="c">50-56 cm.</subfield></datafield><datafield ind1=" " ind2=" " tag="310"><subfield code="a">Daily (except Sunday)</subfield></datafield><datafield ind1="1" ind2=" " tag="362"><subfield code="a">Began Feb. 1, 1886?</subfield></datafield><datafield ind1="0" ind2=" " tag="362"><subfield code="a">-v. 43 (June 30, 1925).</subfield></datafield><datafield ind1=" " ind2=" " tag="500"><subfield code="a">Published as: Daily alert, May 26-Nov. 29, 1890.</subfield></datafield><datafield ind1=" " ind2=" " tag="500"><subfield code="a">"Official Paper of City and County", 1890-1925.</subfield></datafield><datafield ind1=" " ind2=" " tag="530"><subfield code="a">Available on microfilm from the State Historical Society of North Dakota.</subfield></datafield><datafield ind1=" " ind2=" " tag="588"><subfield code="a">Description based on: Vol. 6, no. 249 (Feb. 1, 1886).</subfield></datafield><datafield ind1=" " ind2=" " tag="752"><subfield code="a">United States</subfield><subfield code="b">North Dakota</subfield><subfield code="c">Stutsman</subfield><subfield code="d">Jamestown.</subfield></datafield><datafield ind1="0" ind2=" " tag="775"><subfield code="t">Jamestown weekly alert</subfield><subfield code="w">(DLC)sn 85042405</subfield></datafield><datafield ind1="0" ind2="0" tag="780"><subfield code="t">Jamestown morning alert</subfield><subfield code="w">(DLC)sn 88076628</subfield></datafield><datafield ind1="0" ind2="0" tag="785"><subfield code="t">Jamestown sun and Jamestown daily alert</subfield><subfield code="w">(DLC)sn 88076626</subfield></datafield><datafield ind1="1" ind2=" " tag="029"><subfield code="a">AU@</subfield><subfield code="b">000025839843</subfield></datafield></record>